@online{Cordova,
  author = {Apache},
  title = {{Apache Cordova Documentation}},
  year = 2015,
  url = {https://cordova.apache.org/docs/en/latest/},
  urldate = {2016-09-20}
}

@online{CordovaWiki,
  author = {Wikipedia},
  title = {{Apache Cordova}},
  year = 2016,
  url = {https://en.wikipedia.org/wiki/Apache_Cordova},
  urldate = {2016-09-20}
}

@online{Ionic,
  author = {Ionic},
  title = {{Ionic Documentation}},
  year = 2016,
  url = {http://ionicframework.com/docs/},
  urldate = {2016-09-20}
}

@online{IonicWiki,
  author = {Wikipedia},
  title = {{Ionic (mobile app framework)}},
  year = 2016,
  url = {https://en.wikipedia.org/wiki/Ionic_(mobile_app_framework)},
  urldate = {2016-09-20}
}

@online{AngularJS,
  author = {Google},
  title = {{AngularJS Documentation}},
  year = 2016,
  url = {https://docs.angularjs.org/api/},
  urldate = {2016-09-20}
}

@online{AngularJSWiki,
  author = {Wikipedia},
  title = {{AngularJS}},
  year = 2016,
  url = {https://en.wikipedia.org/wiki/AngularJS},
  urldate = {2016-09-20}
}

@Book{ReST,
  Hyphenation  =	 {english},
  author =	 {Roy Thomas Fielding},
  title =	 {Architectural Styles and the Design of Network-based Software Architectures},
  publisher =	 {Roy Thomas Fielding},
  year =	 2000
}

@online{websockets,
  author = {IETF},
  title = {{The WebSocket Protocol}},
  year = 2011,
  url = {https://tools.ietf.org/html/rfc6455},
  urldate = {2016-09-25}
}

@online{publishSubscribeWiki,
  author = {Wikipedia},
  title = {{Publish–subscribe pattern}},
  year = 2016,
  url = {https://en.wikipedia.org/wiki/Publish%E2%80%93subscribe_pattern},
  urldate = {2016-09-25}
}

@online{springframework,
  author = {Rod Johnsont},
  title = {{Spring Framework Reference Documentation}},
  year = 2015,
  url = {http://docs.spring.io/spring/docs/current/spring-framework-reference/html/},
  urldate = {2016-09-26}
}

@Book{uml,
  Hyphenation =	 {greek},
  author = 	 {Αλέξανδρος Ν. Χατζηγεωργίου},
  title = 	 {Αντικειμενοστρεφής Σχεδίαση:  UML, Αρχές Πρότυπα και Ευρετικοί Κανόνες},
  publisher = 	 {Κλειδάριθμος},
  year = 	 2005
}

@Book{pragmatic,
  Hyphenation  =	 {english},
  author =	 {Andrew Hunt and David Thomas},
  title =	 {The Pragmatic Programmer - From Journeyman to Master},
  publisher =	 {Addison Wesley},
  year =	 1999
}

@online{postgis,
  author = {PostGis},
  title = {{PostGIS 2.3.2dev Manual}},
  year = 2016,
  url = {http://postgis.net/docs/manual-2.3/},
  urldate = {2016-10-10}
}